%% LaTeX2e file `"Context-awareness framework report".bib'
%% generated by the `filecontents' environment
%% from source `"Context-awareness framework report"' on 2014/02/23.
%%
@article{owens2008,
    author = {Owens},
    title   = "Essay about Value",
    year    = "2008",
    journal = "International Journal of Interesting Stuff",
    volume  = "123",
    number  = "2",
    pages   = "205--319"}
@article{beauvoir1972,
    author  = "Beauvoir, Simone de",
    title   = "About the Gloomieness of landscape",
    year    = "1972",
    journal = "International Journal of Alphabetics",
    volume  = "14",
    number  = "3",
    pages   = "34--359"}
